@incollection{standaert2010introduction,
  title={Introduction to side-channel attacks},
  author={Standaert, Fran{\c{c}}ois-Xavier},
  booktitle={Secure Integrated Circuits and Systems},
  pages={27--42},
  year={2010},
  publisher={Springer}
}

@inproceedings{jang2010empirical,
  title={An empirical study of privacy-violating information flows in JavaScript web applications},
  author={Jang, Dongseok and Jhala, Ranjit and Lerner, Sorin and Shacham, Hovav},
  booktitle={Proceedings of the 17th ACM conference on Computer and communications security},
  pages={270--283},
  year={2010},
  organization={ACM}
}

@inproceedings{felten2000timing,
  title={Timing attacks on web privacy},
  author={Felten, Edward W and Schneider, Michael A},
  booktitle={Proceedings of the 7th ACM conference on Computer and communications security},
  pages={25--32},
  year={2000},
  organization={ACM}
}

@inproceedings{bortz2007exposing,
  title={Exposing private information by timing web applications},
  author={Bortz, Andrew and Boneh, Dan},
  booktitle={Proceedings of the 16th international conference on World Wide Web},
  pages={621--628},
  year={2007},
  organization={ACM}
}

@inproceedings{van2015clock,
  title={The Clock is Still Ticking: Timing Attacks in the Modern Web},
  author={Van Goethem, Tom and Joosen, Wouter and Nikiforakis, Nick},
  booktitle={Proceedings of the 22nd ACM SIGSAC Conference on Computer and Communications Security},
  pages={1382--1393},
  year={2015},
  organization={ACM}
}

@article{jia2015know,
  title={I know where you've been: Geo-inference attacks via the browser cache},
  author={Jia, Yaoqi and Dong, Xinshu and Liang, Zhenkai and Saxena, Prateek},
  journal={Internet Computing, IEEE},
  volume={19},
  number={1},
  pages={44--53},
  year={2015},
  publisher={IEEE}
}

@article{oren2015spy,
  title={The Spy in the Sandbox--Practical Cache Attacks in Javascript},
  author={Oren, Yossef and Kemerlis, Vasileios P and Sethumadhavan, Simha and Keromytis, Angelos D},
  journal={arXiv preprint arXiv:1502.07373},
  year={2015}
}
